<record><leader>00000cas a22000007a 4500</leader><controlfield tag="001">35596105</controlfield><controlfield tag="008">960920d191519uutxuwr ne      0    0eng d</controlfield><datafield ind1=" " ind2=" " tag="010"><subfield code="a">sn 96092511 </subfield></datafield><datafield ind1=" " ind2=" " tag="040"><subfield code="a">PPM</subfield><subfield code="b">eng</subfield><subfield code="c">PPM</subfield><subfield code="d">OCLCQ</subfield></datafield><datafield ind1=" " ind2=" " tag="042"><subfield code="a">msc</subfield></datafield><datafield ind1="0" ind2="4" tag="245"><subfield code="a">The Melvin advocate.</subfield></datafield><datafield ind1=" " ind2=" " tag="260"><subfield code="a">Melvin, McCulloch Co., Tex. :</subfield><subfield code="b">Marvin Hunter</subfield></datafield><datafield ind1=" " ind2=" " tag="300"><subfield code="a">v.</subfield></datafield><datafield ind1=" " ind2=" " tag="310"><subfield code="a">Weekly</subfield></datafield><datafield ind1="1" ind2=" " tag="362"><subfield code="a">Began in Aug. 1915.</subfield></datafield><datafield ind1=" " ind2=" " tag="588"><subfield code="a">Description based on : vol. 1, no. 24 (Aug. 20, 1915).</subfield></datafield><datafield ind1=" " ind2=" " tag="752"><subfield code="a">United States</subfield><subfield code="b">Texas</subfield><subfield code="c">McCulloch</subfield><subfield code="d">Melvin.</subfield></datafield><datafield ind1="0" ind2="0" tag="780"><subfield code="t">Melvin rustler</subfield><subfield code="w">(DLC)sn 96092510</subfield></datafield></record>